Date,profitMargin,P/E,P/B,D/E,ROE,dividendYield,dividendPayoutRatio,goodwill,dcf,price,stockPrice,numberOfShares,marketCapitalization,revenue,dividendPerShare,dividendPaid,company_age,sector,oneYearDividendGrowthRate,fiveYearDividendGrowthRate
1997-12-31,0.0776,15.037,2.8022,1.0303,0.1864,0.0305,0.4585,0.0,38.15,37.38,37.375,1309981842.0,48960571344.75,41950000000.0,1.1401,1493497198.2458,76,Energy,0.0,0.0
1998-12-31,0.0438,36.3691,2.8589,1.1451,0.0786,0.0328,1.1919,0.0,37.69,37.25,37.25,1307333718.0,48698180995.5,30557000000.0,1.2218,1597300336.6524,77,Energy,0.0717,0.0
1999-12-31,0.0379,16.693,1.7757,1.4695,0.1064,0.0493,0.8229,0.0,42.8,41.28,41.2812,1313000000.0,54202281250.0,85713000000.0,2.0351,2672091552.0,78,Energy,0.6657,0.0
2000-12-30,0.0649,6.9141,1.566,1.2753,0.2265,0.0522,0.3609,0.0,42.71,40.93,40.93,1305282000.0,53425192260.0,119130000000.0,2.1365,2788795035.972,79,Energy,0.0498,0.0
2001-12-31,0.0309,26.7575,2.5694,1.2655,0.096,0.0325,0.8692,0.0,42.55,41.55,41.55,2117419355.0,87978772082.8306,106245000000.0,1.3504,2859310161.5081,80,Energy,-0.3679,0.0
2002-12-31,0.0114,60.0,2.1491,1.4382,0.0358,0.044,2.6422,0.0,33.5,32.1,32.1,2115887850.0,67919995753.2243,99049000000.0,1.4124,2988479999.34,81,Energy,0.0459,0.093
2003-12-31,0.0594,12.3888,2.4679,1.2373,0.1992,0.0343,0.4246,0.0,45.23,43.17,43.175,2074605452.0,89571088315.4946,121761000000.0,1.4807,3071932605.5454,82,Energy,0.0484,0.0884
2004-12-31,0.0858,8.527,2.5127,1.057,0.2947,0.0288,0.2459,0.0,58.11,53.72,53.72,2115555556.0,113647646583.8756,155300000000.0,1.5471,3273052160.6876,83,Energy,0.0448,-0.0358
2005-12-29,0.0711,9.2325,2.0769,1.0045,0.225,0.0298,0.2749,4636000000.0,65.44,60.75,60.75,2142705167.0,130169338895.25,198200000000.0,1.8103,3879046299.0784,84,Energy,0.1701,-0.0117
2006-12-30,0.0816,9.3202,2.3171,0.9209,0.2486,0.0275,0.2565,4623000000.0,77.87,73.07,73.07,2185969388.0,159728783181.16,210118000000.0,2.0094,4392541537.4819,85,Energy,0.11,0.0838
2007-12-31,0.0846,9.4258,2.285,0.9274,0.2424,0.0272,0.2564,4637000000.0,86.71,83.23,83.23,2116421291.0,176149750399.1939,220904000000.0,2.2639,4791273038.1581,86,Energy,0.1267,0.1
2008-12-31,0.0877,6.0056,1.6587,0.8546,0.2762,0.0359,0.2157,4619000000.0,75.11,70.52,70.52,2038000000.0,143719753886.0,273005000000.0,2.5317,5159539384.0,87,Energy,0.1183,0.114
2009-12-31,0.0623,13.7063,1.5632,0.784,0.1141,0.0369,0.5058,4618000000.0,76.49,72.12,72.12,1992274000.0,143682806856.822,168320000000.0,2.6612,5301895352.472,88,Energy,0.0512,0.1153
2010-12-31,0.0955,9.8062,1.7753,0.7514,0.181,0.0304,0.2983,4617000000.0,100.41,93.37,93.37,1998005000.0,186553732844.015,199291000000.0,2.8384,5671233296.24,89,Energy,0.0666,0.0946
2011-12-29,0.1092,7.6379,1.6924,0.7192,0.2216,0.0299,0.2283,4642000000.0,111.4,103.41,103.41,1986482000.0,205422111565.928,246343000000.0,3.092,6142120898.238,90,Energy,0.0893,0.0904
2012-12-31,0.1135,8.6762,1.6637,0.6969,0.1918,0.0301,0.2614,4640000000.0,127.19,116.45,116.45,1950480000.0,227133390148.56,230590000000.0,3.5051,6836715219.6,91,Energy,0.1336,0.0918
2013-12-31,0.0973,10.4204,1.4971,0.6929,0.1437,0.0335,0.3489,4639000000.0,124.92,116.45,116.45,1917018000.0,223236740348.946,220156000000.0,3.9011,7478430994.35,92,Energy,0.113,0.0907
2014-12-31,0.096,10.0374,1.2458,0.7085,0.1241,0.0411,0.412,4593000000.0,109.32,102.53,102.53,1883633000.0,193128889606.367,200494000000.0,4.214,7937597440.239,93,Energy,0.0802,0.0965
2015-12-31,0.0353,35.2127,1.0577,0.7348,0.03,0.0495,1.7423,4588000000.0,92.37,86.47,86.47,1867941000.0,161520860137.941,129925000000.0,4.2803,7995282484.365,94,Energy,0.0157,0.0864
2016-12-29,-0.0045,-421.3587,1.4387,0.7788,-0.0034,0.0384,-16.161,4581000000.0,115.55,111.82,111.82,1872789000.0,209415265980.0,110215000000.0,4.2939,8041546213.632,95,Energy,0.0032,0.0691
2017-12-30,0.0683,25.643,1.5918,0.7054,0.0621,0.0345,0.8844,4531000000.0,127.79,125.23,125.23,1882834000.0,235787307468.502,134674000000.0,4.3204,8134661912.79,96,Energy,0.0062,0.0437
2018-12-31,0.0933,14.4664,1.3875,0.6355,0.0959,0.0396,0.5735,4518000000.0,117.93,113.01,113.01,1897623000.0,214450379025.246,158902000000.0,4.4752,8492234859.108,97,Energy,0.0358,0.0282
2019-12-31,0.02,71.7204,1.4542,0.6395,0.0203,0.0427,3.064,4463000000.0,114.42,111.4,111.4,1882499000.0,209710392364.998,139865000000.0,4.7568,8954633593.22,98,Energy,0.0629,0.0248
2020-12-31,-0.0587,-28.7437,1.2099,0.813,-0.0421,0.0606,-1.7411,4402000000.0,88.19,85.2,85.2,1870027000.0,159326294789.919,94471000000.0,5.1631,9655173804.24,99,Energy,0.0854,0.0387
2021-12-31,0.1004,16.0112,1.799,1.7224,0.1124,0.0408,0.6528,4385000000.0,133.63,130.61,130.61,1870027000.0,244244228340.027,155606000000.0,5.3289,9965164439.976,100,Energy,0.0321,0.0445
