Date,profitMargin,P/E,P/B,D/E,ROE,dividendYield,dividendPayoutRatio,goodwill,dcf,price,stockPrice,numberOfShares,marketCapitalization,revenue,dividendPerShare,dividendPaid,company_age,sector,oneYearDividendGrowthRate,fiveYearDividendGrowthRate
1997-12-31,-0.0039,-259.5562,3.5668,1.9355,-0.0137,0.0121,-3.1292,2395000000.0,52.18,47.63,47.625,970100000.0,46201012500.0,45800000000.0,0.5763,559090942.3,63,Industrials,0.0,0.0
1998-12-31,0.0199,29.9458,2.7232,1.9776,0.0909,0.0168,0.5036,2312000000.0,36.95,34.69,34.6875,966900000.0,33539343750.0,56154000000.0,0.5828,563501584.8,64,Industrials,0.0113,0.0
1999-12-31,0.0398,17.7244,3.5705,2.1536,0.2014,0.0131,0.2326,0.0,48.28,44.63,44.625,917100000.0,40925587500.0,57993000000.0,0.5847,536185266.3,65,Industrials,0.0033,0.0
2000-12-30,0.0415,22.679,4.3794,2.8138,0.1931,0.0104,0.2368,0.0,57.33,56.15,56.15,859500000.0,48260926719.0,51321000000.0,0.584,501913620.0,66,Industrials,-0.0012,0.0
2001-12-31,0.0486,11.5486,3.016,3.4659,0.2612,0.0178,0.2059,0.0,40.78,40.0,40.0,816200000.0,32648000000.0,58198000000.0,0.712,581134400.0,67,Industrials,0.2192,0.0
2002-12-31,0.0091,49.7913,3.1831,5.8012,0.0639,0.0233,1.1606,2760000000.0,33.58,30.66,30.66,799000000.0,24497340000.0,54069000000.0,0.7144,570788022.0,68,Industrials,0.0034,0.0472
2003-12-31,0.0142,46.5239,4.1042,5.5162,0.0882,0.0171,0.7967,1913000000.0,47.54,41.75,41.75,800100000.0,33404175000.0,50485000000.0,0.7139,571211392.5,69,Industrials,-0.0007,0.0448
2004-12-31,0.0357,21.52,3.5695,3.7814,0.1659,0.0161,0.3462,1948000000.0,53.89,49.92,49.92,807000000.0,40285438386.0,52457000000.0,0.8037,648595584.0,70,Industrials,0.1258,0.0693
2005-12-29,0.0469,21.1626,4.9218,4.4307,0.2326,0.0151,0.3188,1924000000.0,75.89,69.03,69.03,788500000.0,54430154211.5,54845000000.0,1.0424,821895340.5,71,Industrials,0.297,0.1289
2006-12-30,0.036,29.935,13.9916,9.9293,0.4674,0.0144,0.4316,3047000000.0,93.94,86.0,86.0,771000000.0,66306000000.0,61530000000.0,1.2384,954806400.0,72,Industrials,0.188,0.1227
2007-12-31,0.0614,15.4451,6.9884,5.5511,0.4525,0.0174,0.269,3081000000.0,92.14,82.87,82.87,759300000.0,62923193277.9,66387000000.0,1.4419,1094863523.4,73,Industrials,0.1643,0.1549
2008-12-31,0.0439,11.4421,-23.6269,-42.5603,-2.0649,0.039,0.4461,3647000000.0,46.83,42.31,42.31,722600000.0,30573206722.6,60909000000.0,1.6501,1192355034.0,74,Industrials,0.1444,0.1839
2009-12-31,0.0192,32.5806,20.0873,28.1147,0.6165,0.0285,0.9299,4319000000.0,73.66,60.6,60.6,705376344.0,42745805035.6473,68281000000.0,1.7271,1218255483.7224,75,Industrials,0.0467,0.1681
2010-12-31,0.0514,15.5815,18.629,23.7538,1.1956,0.0243,0.3789,4937000000.0,76.43,69.23,69.23,744300000.0,51527891232.9,64306000000.0,1.6823,1252127702.7,76,Industrials,-0.0259,0.1035
2011-12-29,0.0585,13.7588,15.7277,21.7292,1.1431,0.0225,0.3096,4945000000.0,87.64,74.16,74.16,745454545.0,55282912039.0182,68735000000.0,1.6686,1243865453.787,77,Industrials,-0.0081,0.0643
2012-12-31,0.0477,14.4835,9.6277,14.1348,0.6647,0.0234,0.339,5035000000.0,88.25,74.59,74.59,757281553.0,56485628009.1438,81698000000.0,1.7454,1321763766.2955,78,Industrials,0.046,0.0406
2013-12-31,0.0529,20.9834,6.4678,5.2212,0.3082,0.0152,0.32,5043000000.0,138.48,126.53,126.53,760364842.0,96208962697.8952,86623000000.0,1.9233,1462376244.5656,79,Industrials,0.1019,0.0321
2014-12-31,0.06,19.4605,12.231,10.4337,0.6285,0.02,0.3884,5119000000.0,161.46,145.37,145.37,729049531.0,105981926676.2223,90762000000.0,2.9074,2119638606.4294,80,Industrials,0.5117,0.1251
2015-12-31,0.0539,15.9747,13.0521,13.8928,0.817,0.0301,0.4811,5126000000.0,136.55,120.13,120.13,688297872.0,82685221298.4664,96114000000.0,3.6159,2488825223.2371,81,Industrials,0.2437,0.179
2016-12-29,0.0518,21.5026,128.8314,109.082,5.9914,0.0262,0.563,5324000000.0,179.41,165.57,165.57,635714286.0,105255218783.02,94571000000.0,4.3379,2757686615.5251,82,Industrials,0.1997,0.2206
2017-12-30,0.0878,24.8316,573.3655,258.9324,23.0901,0.0168,0.4169,5559000000.0,352.33,337.71,337.71,602720588.0,203544764348.9947,93392000000.0,5.6735,3419552132.1945,83,Industrials,0.3079,0.273
2018-12-31,0.1034,21.4803,662.7855,344.9823,30.8555,0.0176,0.3772,7840000000.0,400.9,387.72,387.72,579501385.0,224684277571.7014,101127000000.0,6.8239,3954443275.0627,84,Industrials,0.2028,0.2932
2019-12-31,-0.0083,-288.6607,-21.3054,-16.4703,0.0738,0.0252,-7.2799,8060000000.0,340.0,323.3,323.3,567857143.0,183588207517.6143,76559000000.0,8.1472,4626423001.1639,85,Industrials,0.1939,0.2296
2020-12-31,-0.2042,-9.3003,-6.0287,-9.293,0.6482,0.0105,-0.0975,8081000000.0,207.82,194.19,194.19,568630268.0,110422312880.1805,58158000000.0,2.039,1159434273.3007,86,Industrials,-0.7497,0.0309
2021-12-31,-0.0675,-26.6943,-7.4785,-10.2272,0.2802,0.0,0.0,8068000000.0,204.73,190.57,190.57,568630268.0,108363870172.76,62286000000.0,0.0,0.0,87,Industrials,-1.0,-0.209
