Date,profitMargin,P/E,P/B,D/E,ROE,dividendYield,dividendPayoutRatio,goodwill,dcf,price,stockPrice,numberOfShares,marketCapitalization,revenue,dividendPerShare,dividendPaid,company_age,sector,oneYearDividendGrowthRate,fiveYearDividendGrowthRate
1997-06-02,0.0866,21.7861,5.4933,0.6987,0.2521,0.0058,0.1268,0.0,7.48,7.3,7.2969,2376000000.0,17337375000.0,9186500000.0,0.0423,100599840.0,7,Consumer Cyclical,0.0,0.0
1998-06-01,0.0418,35.2808,4.3221,0.6547,0.1225,0.009,0.3186,0.0,6.13,6.09,6.0859,2316521739.0,14098207679.2062,9553100000.0,0.0548,126968556.5146,8,Consumer Cyclical,0.2955,0.0
1999-05-31,0.0514,39.8585,5.3951,0.5736,0.1354,0.0076,0.3017,0.0,8.01,7.92,7.9219,2271194969.0,17992122645.0469,8776900000.0,0.0602,136707767.574,9,Consumer Cyclical,0.0985,0.0
2000-05-31,0.0644,18.9583,3.5005,0.8675,0.1846,0.0121,0.2298,0.0,5.09,4.98,4.9766,2206095238.0,10978771935.907,8995100000.0,0.0603,132934886.8514,10,Consumer Cyclical,0.0017,0.0
2001-05-31,0.0621,19.2615,3.2504,0.6654,0.1688,0.0114,0.2199,0.0,5.39,5.25,5.2488,2164036697.0,11358487613.3787,9488800000.0,0.0599,129517596.3154,11,Consumer Cyclical,-0.0066,0.0
2002-05-31,0.067,21.6331,3.7377,0.6783,0.1728,0.009,0.1943,0.0,6.98,6.71,6.7062,2139677419.0,14349211691.1687,9893000000.0,0.0604,129215119.3334,12,Consumer Cyclical,0.0083,0.0795
2003-06-02,0.0443,29.8827,3.5494,0.6824,0.1188,0.0097,0.2907,0.0,6.99,6.69,6.6863,2118435754.0,14164391060.1825,10697000000.0,0.0649,137471651.3843,13,Consumer Cyclical,0.0745,0.0353
2004-05-31,0.0772,21.0844,4.1695,0.6504,0.1978,0.009,0.1895,135400000.0,9.86,9.47,9.4688,2105600000.0,19937400000.0,12253100000.0,0.0852,179460288.0,14,Consumer Cyclical,0.3128,0.0781
2005-05-31,0.0882,18.7852,4.0325,0.558,0.2147,0.0104,0.1954,0.0,11.49,10.83,10.825,2102559653.0,22760208243.725,13739700000.0,0.1126,236815498.8367,15,Consumer Cyclical,0.3216,0.1421
2006-05-31,0.0931,15.0838,3.3406,0.5703,0.2215,0.0139,0.209,130800000.0,10.59,10.13,10.125,2073743017.0,20996648047.125,14954900000.0,0.1408,291997532.9947,16,Consumer Cyclical,0.2504,0.1935
2007-05-31,0.0914,19.6926,4.1808,0.5214,0.2123,0.0117,0.2304,130800000.0,15.49,14.57,14.5725,2015540541.0,29371464533.7225,16325900000.0,0.1705,343587180.4837,17,Consumer Cyclical,0.2109,0.234
2008-06-02,0.1011,15.6858,3.7753,0.5901,0.2407,0.014,0.2192,448800000.0,15.98,14.9,14.9025,1982400000.0,29542716000.0,18627000000.0,0.2086,413528640.0,18,Consumer Cyclical,0.2235,0.2638
2009-06-01,0.0775,16.8885,2.8884,0.5242,0.171,0.0186,0.3139,193500000.0,14.13,12.95,12.945,1939600000.0,25108122000.0,19176100000.0,0.2409,467191452.0,19,Consumer Cyclical,0.1548,0.2322
2010-05-31,0.1003,17.2002,3.3624,0.4783,0.1955,0.0154,0.2651,187600000.0,18.47,16.89,16.8875,1942000000.0,32795526942.0,19014000000.0,0.2601,505125852.0,20,Consumer Cyclical,0.0797,0.1839
2011-05-31,0.1022,20.0588,4.3468,0.5237,0.2167,0.013,0.2602,205000000.0,23.52,22.5,22.495,1902000000.0,42785491902.0,20862000000.0,0.2925,556335000.0,21,Consumer Cyclical,0.1246,0.1587
2012-05-31,0.0921,18.1641,3.8897,0.4897,0.2141,0.0153,0.2785,201000000.0,23.2,21.95,21.945,1840000000.0,40378800000.0,24128000000.0,0.3358,617936400.0,22,Consumer Cyclical,0.148,0.1461
2013-05-31,0.0982,22.994,5.1219,0.5762,0.2228,0.0123,0.2829,131000000.0,33.7,31.84,31.84,1794600000.0,57140064000.0,25313000000.0,0.3916,702822787.2,23,Consumer Cyclical,0.1662,0.1347
2014-06-02,0.0969,25.4392,6.3292,0.7178,0.2488,0.0117,0.2967,131000000.0,40.03,38.78,38.775,1766800000.0,68507673533.6,27799000000.0,0.4537,801643096.8,24,Consumer Cyclical,0.1586,0.1354
2015-06-01,0.107,28.439,7.3252,0.6999,0.2576,0.0097,0.2747,131000000.0,56.25,54.01,54.01,1723400000.0,93080830553.2,30601000000.0,0.5239,902884089.8,25,Consumer Cyclical,0.1547,0.1504
2016-05-31,0.1161,24.9266,7.646,0.7455,0.3067,0.0109,0.2718,131000000.0,57.05,55.2,55.2,1697900000.0,93724081697.9,32376000000.0,0.6017,1021592472.0,26,Consumer Cyclical,0.1485,0.1552
2017-05-31,0.1234,23.0684,7.8835,0.8747,0.3417,0.0116,0.2672,139000000.0,61.3,59.0,59.0,1657800000.0,97810200000.0,34350000000.0,0.6844,1134598320.0,27,Consumer Cyclical,0.1374,0.1531
2018-05-31,0.0531,66.9345,13.1863,1.2968,0.197,0.0096,0.643,154000000.0,82.3,79.68,79.68,1623800000.0,129384384000.0,36397000000.0,0.7649,1242090086.4,28,Consumer Cyclical,0.1176,0.1434
2019-05-31,0.103,32.9153,14.6699,1.6236,0.4457,0.01,0.3306,154000000.0,86.78,83.95,83.95,1579700000.0,132615810260.9,39117000000.0,0.8395,1326158150.0,29,Consumer Cyclical,0.0975,0.1311
2020-06-01,0.0679,60.1971,18.9746,2.891,0.3152,0.0095,0.5719,223000000.0,103.41,98.05,98.05,1558800000.0,152840344676.4,37403000000.0,0.9315,1451983230.0,30,Consumer Cyclical,0.1096,0.1221
2021-05-31,0.1286,42.4328,19.0344,1.9561,0.4486,0.0067,0.286,242000000.0,160.78,154.49,154.49,1573000000.0,243012777865.0,44538000000.0,1.0351,1628185559.0,31,Consumer Cyclical,0.1112,0.1147
